<record><leader>00000cas a2200000 a 4500</leader><controlfield tag="001">11798601</controlfield><controlfield tag="008">850313d19161919ksuwr ne      0   a0eng c</controlfield><datafield ind1=" " ind2=" " tag="010"><subfield code="a">sn 85030145 </subfield></datafield><datafield ind1=" " ind2=" " tag="040"><subfield code="a">KSH</subfield><subfield code="b">eng</subfield><subfield code="c">KSH</subfield><subfield code="d">NPT</subfield><subfield code="d">OCL</subfield><subfield code="d">CUI</subfield><subfield code="d">OCLCQ</subfield><subfield code="d">OCLCF</subfield></datafield><datafield ind1=" " ind2=" " tag="042"><subfield code="a">pcc</subfield></datafield><datafield ind1=" " ind2=" " tag="043"><subfield code="a">n-us-ks</subfield></datafield><datafield ind1=" " ind2="4" tag="050"><subfield code="a">AN</subfield></datafield><datafield ind1="0" ind2=" " tag="130"><subfield code="a">Border sentinel (Mound City, Kan. : 1916)</subfield></datafield><datafield ind1="1" ind2="4" tag="245"><subfield code="a">The border sentinel.</subfield></datafield><datafield ind1=" " ind2=" " tag="260"><subfield code="a">Mound City, Kan. :</subfield><subfield code="b">Dallas &amp; Dallas,</subfield><subfield code="c">1916-1919.</subfield></datafield><datafield ind1=" " ind2=" " tag="300"><subfield code="a">5 v. :</subfield><subfield code="b">ill. ;</subfield><subfield code="c">55 cm.</subfield></datafield><datafield ind1=" " ind2=" " tag="310"><subfield code="a">Weekly</subfield></datafield><datafield ind1="0" ind2=" " tag="362"><subfield code="a">Vol. 28, no. 31 (Jan. 14, 1916)-v. 32, no. 18 (Oct. 23, 1919).</subfield></datafield><datafield ind1=" " ind2=" " tag="500"><subfield code="a">Published by C.E. Dallas, Jan. 31, 1918-Oct. 23, 1919.</subfield></datafield><datafield ind1=" " ind2=" " tag="500"><subfield code="a">"Democratic."</subfield></datafield><datafield ind1=" " ind2="0" tag="651"><subfield code="a">Mound City (Kan.)</subfield><subfield code="v">Newspapers.</subfield></datafield><datafield ind1=" " ind2="0" tag="651"><subfield code="a">Linn County (Kan.)</subfield><subfield code="v">Newspapers.</subfield></datafield><datafield ind1=" " ind2="7" tag="655"><subfield code="a">Newspapers.</subfield><subfield code="2">fast</subfield><subfield code="0">(OCoLC)fst01423814</subfield></datafield><datafield ind1=" " ind2="7" tag="651"><subfield code="a">Kansas</subfield><subfield code="z">Linn County.</subfield><subfield code="2">fast</subfield><subfield code="0">(OCoLC)fst01214858</subfield></datafield><datafield ind1=" " ind2="7" tag="651"><subfield code="a">Kansas</subfield><subfield code="z">Mound City.</subfield><subfield code="2">fast</subfield><subfield code="0">(OCoLC)fst01219096</subfield></datafield><datafield ind1=" " ind2=" " tag="752"><subfield code="a">United States</subfield><subfield code="b">Kansas</subfield><subfield code="c">Linn</subfield><subfield code="d">Mound City.</subfield></datafield><datafield ind1="0" ind2="0" tag="780"><subfield code="t">Linn County democrat</subfield><subfield code="w">(DLC)sn 85030146</subfield><subfield code="w">(OCoLC)11804391</subfield></datafield><datafield ind1="0" ind2="7" tag="785"><subfield code="t">Linn County republic</subfield><subfield code="w">(DLC)sn 85030142</subfield><subfield code="w">(OCoLC)11798548</subfield></datafield><datafield ind1="0" ind2="7" tag="785"><subfield code="t">Mound City republic</subfield><subfield code="w">(DLC)sn 85030141</subfield><subfield code="w">(OCoLC)11808794</subfield></datafield></record>